%%%%%%%%%%%%%%%%%%%%%%%%%%%%%%%%%%VARIABLES%%%%%%%%%%%%%%%%%%%%%%%%%%%%%
%
%
%%%%%%%%%%%%%%%%%%%%%%%%%%%%%%%%%%BIBLIOGRAPHY%%%%%%%%%%%%%%%%%%%%%%%%%%
@article{gorodnichy2005video,
  title={Video-based framework for face recognition in video},
  author={Gorodnichy, Dimitry},
  year={2005}
}

@article{agrawalsurvey,
  title={A Survey: Face Recognition Techniques},
  author={Agrawal, Arun and Sikarwar, Ranjana}
}
@article{zhao2003face,
  title={Face recognition: A literature survey},
  author={Zhao, Wenyi and Chellappa, Rama and Phillips, P Jonathon and Rosenfeld, Azriel},
  journal={Acm Computing Surveys (CSUR)},
  volume={35},
  number={4},
  pages={399--458},
  year={2003},
  publisher={ACM}
}

@book{gross2001quo,
  title={Quo vadis face recognition?},
  author={Gross, Ralph and Shi, Jianbo and Cohn, Jeffrey F},
  year={2001},
  publisher={Carnegie Mellon University, The Robotics Institute}
}

%leer y descargar
@inproceedings{chiang1997local,
  title={Local blur estimation and super-resolution},
  author={Chiang, Ming-Chao and Boult, Terrance E},
  booktitle={2013 IEEE Conference on Computer Vision and Pattern Recognition},
  pages={821--821},
  year={1997},
  organization={IEEE Computer Society}
}

@inproceedings{aizawa1992scheme,
  title={A scheme for acquiring very high resolution images using multiple cameras},
  author={Aizawa, K and Komatsu, T and Saito, T},
  booktitle={Acoustics, Speech, and Signal Processing, 1992. ICASSP-92., 1992 IEEE International Conference on},
  volume={3},
  pages={289--292},
  year={1992},
  organization={IEEE}
}


@article{elad1997restoration,
  title={Restoration of a single superresolution image from several blurred, noisy, and undersampled measured images},
  author={Elad, Michael and Feuer, Arie},
  journal={Image Processing, IEEE Transactions on},
  volume={6},
  number={12},
  pages={1646--1658},
  year={1997},
  publisher={IEEE}
}

@inproceedings{berthod1994reconstruction,
  title={Reconstruction of high resolution 3D visual information},
  author={Berthod, Marc and Shekarforoush, Hassan and Werman, Michael and Zerubia, Josiane},
  booktitle={Computer Vision and Pattern Recognition, 1994. Proceedings CVPR'94., 1994 IEEE Computer Society Conference on},
  pages={654--657},
  year={1994},
  organization={IEEE}
}

@inproceedings{seibert1992combining,
  title={Combining evidence from multiple views of 3-D objects},
  author={Seibert, Michael and Waxman, Allen M},
  booktitle={Robotics-DL tentative},
  pages={178--189},
  year={1992},
  organization={International Society for Optics and Photonics}
}

@inproceedings{shio1991segmentation,
  title={Segmentation of people in motion},
  author={Shio, Akio and Sklansky, Jack},
  booktitle={Visual Motion, 1991., Proceedings of the IEEE Workshop on},
  pages={325--332},
  year={1991},
  organization={IEEE}
}


@article{li19933,
  title={3-D motion estimation in model-based facial image coding},
  author={Li, Haibo and Roivainen, Pertti and Forchheimer, Robert},
  journal={Pattern Analysis and Machine Intelligence, IEEE Transactions on},
  volume={15},
  number={6},
  pages={545--555},
  year={1993},
  publisher={IEEE}
}

@incollection{buck1993model,
  title={Model-based image sequence coding},
  author={Buck, M and Diehl, N},
  booktitle={Motion Analysis and Image Sequence Processing},
  pages={285--315},
  year={1993},
  publisher={Springer}
}

@incollection{aizawa1993human,
  title={Human facial motion analysis and synthesis with application to model-based coding},
  author={Aizawa, K and Choi, CS and Harashima, H and Huang, TS},
  booktitle={Motion Analysis and Image Sequence Processing},
  pages={317--348},
  year={1993},
  publisher={Springer}
}

@inproceedings{strom1999real,
  title={Real time tracking and modeling of faces: An ekf-based analysis by synthesis approach},
  author={Strom, Jacob and Jebara, Tony and Basu, Sumit and Pentland, Alex},
  booktitle={Modelling People, 1999. Proceedings. IEEE International Workshop on},
  pages={55--61},
  year={1999},
  organization={IEEE}
}

@article{terzopoulos1988constraints,
  title={Constraints on deformable models: Recovering 3D shape and nonrigid motion},
  author={Terzopoulos, Demetri and Witkin, Andrew and Kass, Michael},
  journal={Artificial intelligence},
  volume={36},
  number={1},
  pages={91--123},
  year={1988},
  publisher={Elsevier}
}

@inproceedings{huang1990modeling,
  title={Modeling, analysis, and visualization of nonrigid object motion},
  author={Huang, Thomas S},
  booktitle={Pattern Recognition, 1990. Proceedings., 10th International Conference on},
  volume={1},
  pages={361--364},
  year={1990},
  organization={IEEE}
}

@article{pentland1991recovery,
  title={Recovery of nonrigid motion and structure},
  author={Pentland, Alex and Horowitz, Bradley},
  journal={IEEE Transactions on Pattern Analysis and Machine Intelligence},
  volume={13},
  number={7},
  pages={730--742},
  year={1991},
  publisher={IEEE Computer Society}
}

@inproceedings{metaxes1991recursive,
  title={Recursive estimation of shape and nonrigid motion},
  author={Metaxes, D and Terzopoulos, Demetri},
  booktitle={Visual Motion, 1991., Proceedings of the IEEE Workshop on},
  pages={306--311},
  year={1991},
  organization={IEEE}
}

@article{yuille1991deformable,
  title={Deformable templates for face recognition},
  author={Yuille, Alan L},
  journal={Journal of Cognitive Neuroscience},
  volume={3},
  number={1},
  pages={59--70},
  year={1991},
  publisher={MIT Press}
}

@inproceedings{kalocsai1998face,
  title={Face similarity space as perceived by humans and artificial systems},
  author={Kalocsai, Peter and Zhao, Wenyi and Elagin, Egor},
  booktitle={Automatic Face and Gesture Recognition, 1998. Proceedings. Third IEEE International Conference on},
  pages={177--180},
  year={1998},
  organization={IEEE}
}
@article{johnston1992recognising,
  title={Recognising faces: effects of lighting direction, inversion, and brightness reversal},
  author={Johnston, Alan and Hill, Harold and Carman, Nicole},
  journal={Perception},
  volume={21},
  number={3},
  pages={365--375},
  year={1992}
}

@incollection{bruce1998human,
  title={Human face perception and identification},
  author={Bruce, Vicki and Hancock, Peter JB and Burton, A Mike},
  booktitle={Face Recognition},
  pages={51--72},
  year={1998},
  publisher={Springer}
}

@article{hill1997information,
  title={Information and viewpoint dependence in face recognition},
  author={Hill, Harold and Schyns, Philippe G and Akamatsu, Shigeru},
  journal={Cognition},
  volume={62},
  number={2terzopoulos1988constraints},
  pages={201--222},
  year={1997},
  publisher={Elsevier}
}

@article{hill1996effects,
  title={The effects of lighting on the perception of facial surfaces.},
  author={Hill, Harold and Bruce, Vicki},
  journal={Journal of Experimental Psychology: Human Perception and Performance},
  volume={22},
  number={4},
  pages={986},
  year={1996},
  publisher={American Psychological Association}
}

@inproceedings{howell1996towards,
  title={Towards unconstrained face recognition from image sequences},
  author={Howell, A Jonathan and Buxton, Hilary},
  booktitle={Automatic Face and Gesture Recognition, 1996., Proceedings of the Second International Conference on},
  pages={224--229},
  year={1996},
  organization={IEEE}
}


@inproceedings{shakhnarovich2002unified,
  title={A unified learning framework for real time face detection and classification},
  author={Shakhnarovich, Gregory and Viola, Paul A and Moghaddam, Baback},
  booktitle={Automatic Face and Gesture Recognition, 2002. Proceedings. Fifth IEEE International Conference on},
  pages={14--21},
  year={2002},
  organization={IEEE}
}

@inproceedings{froba2004face,
  title={Face tracking by means of continuous detection},
  author={Froba, Bernhard and Kublbeck, Christian},
  booktitle={Computer Vision and Pattern Recognition Workshop, 2004. CVPRW'04. Conference on},
  pages={65--65},
  year={2004},
  organization={IEEE}
}

@article{viola2004robust,
  title={Robust real-time face detection},
  author={Viola, Paul and Jones, Michael J},
  journal={International journal of computer vision},
  volume={57},
  number={2},
  pages={137--154},
  year={2004},
  publisher={Springer}
}

@article{kirby1990application,
  title={Application of the Karhunen-Loeve procedure for the characterization of human faces},
  author={Kirby, Michael and Sirovich, Lawrence},
  journal={Pattern Analysis and Machine Intelligence, IEEE Transactions on},
  volume={12},
  number={1},
  pages={103--108},
  year={1990},
  publisher={IEEE}
}

@inproceedings{viola2001rapid,
  title={Rapid object detection using a boosted cascade of simple features},
  author={Viola, Paul and Jones, Michael},
  booktitle={Computer Vision and Pattern Recognition, 2001. CVPR 2001. Proceedings of the 2001 IEEE Computer Society Conference on},
  volume={1},
  pages={I--511},
  year={2001},
  organization={IEEE}
}

@article{crow1984summed,
  title={Summed-area tables for texture mapping},
  author={Crow, Franklin C},
  journal={ACM SIGGRAPH computer graphics},
  volume={18},
  number={3},
  pages={207--212},
  year={1984},
  publisher={ACM}
}

@article{mohammed2011human,
  title={Human face recognition based on multidimensional PCA and extreme learning machine},
  author={Mohammed, Abdul Adeel and Minhas, Rashid and Wu, QM Jonathan and Sid-Ahmed, Maher A},
  journal={Pattern Recognition},
  volume={44},
  number={10},
  pages={2588--2597},
  year={2011},
  publisher={Elsevier}
}

@inproceedings{kremic2012face,
  title={Face recognition implementation for client server mobile application using PCA},
  author={Kremic, Emir and Subasi, Abdulhamit and Hajdarevic, Kemal},
  booktitle={Information Technology Interfaces (ITI), Proceedings of the ITI 2012 34th International Conference on},
  pages={435--440},
  year={2012},
  organization={IEEE}
}

@article{ashalatha2012implementation,
  title={Implementation of Pose Invariant Face Recognition using Eigenface Approach},
  author={Ashalatha, ME and Holi, Mallikarjun S},
  journal={International Journal of Advances in Electronics Engineering (IJAEE)},
  volume={2},
  number={2},
  pages={83--88},
  year={2012}
}
@article{candes2011robust,
  title={Robust principal component analysis?},
  author={Cand{\`e}s, Emmanuel J and Li, Xiaodong and Ma, Yi and Wright, John},
  journal={Journal of the ACM (JACM)},
  volume={58},
  number={3},
  pages={11},
  year={2011},
  publisher={ACM}
}


@article{grgic2011scface,
  title={SCface--surveillance cameras face database},
  author={Grgic, Mislav and Delac, Kresimir and Grgic, Sonja},
  journal={Multimedia tools and applications},
  volume={51},
  number={3},
  pages={863--879},
  year={2011},
  publisher={Springer}
}

@article{shu2012efficient,
  title={Efficient linear discriminant analysis with locality preserving for face recognition},
  author={Shu, Xin and Gao, Yao and Lu, Hongtao},
  journal={pattern recognition},
  volume={45},
  number={5},
  pages={1892--1898},
  year={2012},
  publisher={Elsevier}
}

@article{el2013scalable,
  title={A scalable formulation of probabilistic linear discriminant analysis: Applied to face recognition},
  author={El Shafey, Laurent and McCool, Chris and Wallace, Roy and Marcel, S{\'e}bastien},
  journal={Pattern Analysis and Machine Intelligence, IEEE Transactions on},
  volume={35},
  number={7},
  pages={1788--1794},
  year={2013},
  publisher={IEEE}
}

@article{murtaza2014face,
  title={Face Recognition using Adaptive Margin Fisher’s Criterion and Linear Discriminant Analysis},
  author={Murtaza, Marryam and Sharif, Muhammad and Raza, Mudassar and Shah, Jamal Hussain},
  journal={International Arab Journal of Information Technology},
  volume={11},
  number={2},
  pages={1--11},
  year={2014}
}

@inproceedings{zhu2012face,
  title={Face detection, pose estimation, and landmark localization in the wild},
  author={Zhu, Xiangxin and Ramanan, Deva},
  booktitle={Computer Vision and Pattern Recognition (CVPR), 2012 IEEE Conference on},
  pages={2879--2886},
  year={2012},
  organization={IEEE}
}

@article{bhat2015elastic,
  title={Elastic Bunch Graph Matching Based Face Recognition Under Varying Lighting, Pose, and Expression Conditions},
  author={Bhat, Farooq and Wani, M Arif},
  journal={Elastic},
  volume={1},
  number={8},
  year={2015}
}

@incollection{sarkar2012skin,
  title={Skin segmentation based elastic bunch graph matching for efficient multiple face recognition},
  author={Sarkar, Sayantan},
  booktitle={Advances in Computer Science, Engineering \& Applications},
  pages={31--40},
  year={2012},
  publisher={Springer}
}


@article{sirovich1987low,
  title={Low-dimensional procedure for the characterization of human faces},
  author={Sirovich, Lawrence and Kirby, Michael},
  journal={JOSA A},
  volume={4},
  number={3},
  pages={519--524},
  year={1987},
  publisher={Optical Society of America}
}
@article{turk1991eigenfaces,
  title={Eigenfaces for recognition},
  author={Turk, Matthew and Pentland, Alex},
  journal={Journal of cognitive neuroscience},
  volume={3},
  number={1},
  pages={71--86},
  year={1991},
  publisher={MIT Press}
}

@incollection{zhao1998discriminant,
  title={Discriminant analysis of principal components for face recognition},
  author={Zhao, Wenyi and Krishnaswamy, Arvindh and Chellappa, Rama and Swets, Daniel L and Weng, John},
  booktitle={Face Recognition},
  pages={73--85},
  year={1998},
  publisher={Springer}
}

@article{wiskott1997face,
  title={Face recognition by elastic bunch graph matching},
  author={Wiskott, Laurenz and Fellous, J-M and Kuiger, N and Von Der Malsburg, Christoph},
  journal={Pattern Analysis and Machine Intelligence, IEEE Transactions on},
  volume={19},
  number={7},
  pages={775--779},
  year={1997},
  publisher={IEEE}
}

@inproceedings{pentland1994view,
  title={View-based and modular eigenspaces for face recognition},
  author={Pentland, Alex and Moghaddam, Baback and Starner, Thad},
  booktitle={Computer Vision and Pattern Recognition, 1994. Proceedings CVPR'94., 1994 IEEE Computer Society Conference on},
  pages={84--91},
  year={1994},
  organization={IEEE}
}

@article{swets1996using,
  title={Using discriminant eigenfeatures for image retrieval},
  author={Swets, Daniel L and Weng, John Juyang},
  journal={IEEE Transactions on pattern analysis and machine intelligence},
  volume={18},
  number={8},
  pages={831--836},
  year={1996},
  publisher={IEEE Computer Society}
}

@inproceedings{swets1996discriminant,
  title={Discriminant analysis and eigenspace partition tree for face and object recognition from views},
  author={Swets, Daniel L and Weng, Juyang},
  booktitle={Automatic Face and Gesture Recognition, 1996., Proceedings of the Second International Conference on},
  pages={192--197},
  year={1996},
  organization={IEEE}
}

@article{belhumeur1997eigenfaces,
  title={Eigenfaces vs. fisherfaces: Recognition using class specific linear projection},
  author={Belhumeur, Peter N. and Hespanha, Jo{\~a}o P and Kriegman, David},
  journal={Pattern Analysis and Machine Intelligence, IEEE Transactions on},
  volume={19},
  number={7},
  pages={711--720},
  year={1997},
  publisher={IEEE}
}

@article{etemad1997discriminant,
  title={Discriminant analysis for recognition of human face images},
  author={Etemad, Kamran and Chellappa, Rama},
  journal={JOSA A},
  volume={14},
  number={8},
  pages={1724--1733},
  year={1997},
  publisher={Optical Society of America}
}

@inproceedings{hefenbrock2010accelerating,
  title={Accelerating Viola-Jones Face Detection to FPGA-Level Using GPUs.},
  author={Hefenbrock, Daniel and Oberg, Jason and Thanh, Nhat and Kastner, Ryan and Baden, Scott B},
  booktitle={FCCM},
  pages={11--18},
  year={2010}
}

@inproceedings{kong2010gpu,
  title={GPU accelerated face detection},
  author={Kong, Jiangang and Deng, Yangdong},
  booktitle={Intelligent Control and Information Processing (ICICIP), 2010 International Conference on},
  pages={584--588},
  year={2010},
  organization={IEEE}
}

@inproceedings{oro2011real,
  title={Real-time GPU-based face detection in HD video sequences},
  author={Oro, David and Fern{\'a}ndez, Carles and Saeta, Javier Rodr{\'\i}guez and Martorell, Xavier and Hernando, Javier},
  booktitle={Computer Vision Workshops (ICCV Workshops), 2011 IEEE International Conference on},
  pages={530--537},
  year={2011},
  organization={IEEE}
}

@article{bhutekar2014parallel,
  title={Parallel face Detection and Recognition on GPU},
  author={Bhutekar, Shivashankar J and Manjaramkar, Arati K},
  journal={International Journal of Computer Science \& Information Technologies},
  volume={5},
  number={2},
  year={2014}
}

@article{heymann2007sift,
  title={SIFT implementation and optimization for general-purpose GPU},
  author={Heymann, S and M{\"u}ller, K and Smolic, A and Froehlich, B and Wiegand, T},
  year={2007},
  publisher={V{\'a}clav Skala-UNION Agency}
}

@misc{orlova2002image,
  title={The Image Processing Handbook, John C. Russ: CRC Press and IEEE Press (1998), 771 pages. ISBN 0849325323, \$ 139.95},
  author={Orlova, Elena V},
  year={2002},
  publisher={Pergamon}
}

@article{pizer1987adaptive,
  title={Adaptive histogram equalization and its variations},
  author={Pizer, Stephen M and Amburn, E Philip and Austin, John D and Cromartie, Robert and Geselowitz, Ari and Greer, Trey and ter Haar Romeny, Bart and Zimmerman, John B and Zuiderveld, Karel},
  journal={Computer vision, graphics, and image processing},
  volume={39},
  number={3},
  pages={355--368},
  year={1987},
  publisher={Elsevier}
}

@inproceedings{sinha2006gpu,
  title={GPU-based video feature tracking and matching},
  author={Sinha, Sudipta N and Frahm, Jan-Michael and Pollefeys, Marc and Genc, Yakup},
  booktitle={EDGE, Workshop on Edge Computing Using New Commodity Architectures},
  volume={278},
  pages={4321},
  year={2006}
}

@book{bradski2008learning,
  title={Learning OpenCV: Computer vision with the OpenCV library},
  author={Bradski, Gary and Kaehler, Adrian},
  year={2008},
  publisher={" O'Reilly Media, Inc."}
}

@article{benoit2010using,
  title={Using human visual system modeling for bio-inspired low level image processing},
  author={Benoit, Alexandre and Caplier, Alice and Durette, Barth{\'e}l{\'e}my and H{\'e}rault, Jeanny},
  journal={Computer vision and Image understanding},
  volume={114},
  number={7},
  pages={758--773},
  year={2010},
  publisher={Elsevier}
}

@article{owens2008gpu,
  title={GPU computing},
  author={Owens, John D and Houston, Mike and Luebke, David and Green, Simon and Stone, John E and Phillips, James C},
  journal={Proceedings of the IEEE},
  volume={96},
  number={5},
  pages={879--899},
  year={2008},
  publisher={IEEE}
}

@article{gorodnichy2014survey,
  title={Survey of commercial technologies for face recognition in video},
  author={Gorodnichy, D and Granger, Eric and Radtke, Paolo and Authority, Contract Scientific and Meunier, Pierre},
  journal={CBSA, Border Technology Division, Tech. Rep},
  volume={22},
  year={2014}
}

@phdthesis{bolme2003elastic,
  title={Elastic bunch graph matching},
  author={Bolme, David S},
  year={2003},
  school={Colorado State University}
}

@misc{struc2012phd,
  title={The PhD Toolbox: Pretty Helpful Development Functions for Face Recognition},
  author={Struc, V},
  year={2012}
}

@article{manjulaimage,
  title={Image Normalization Robust using Histogram Equalization and Logarithm Transform Frequency DCT Coefficients for Illumination in Facial Images},
  author={Manjula, VS},
  journal={International Journal of Science and Research (IJSR)},
  year={2014}
}

@phdthesis{tseng2003comparison,
  title={Comparison of holistic and feature based approaches to face recognition},
  author={Tseng, Stewart},
  year={2003},
  school={School of Computer Science and Information Technology, Faculty of Applied Science, Royal Melbourne Institute of Technology}
}
@book{zhao1999subspace,
  title={Subspace linear discriminant analysis for face recognition},
  author={Zhao, Wenyi and Chellappa, Rama and Phillips, P Jonathon},
  year={1999},
  publisher={Citeseer}
}
@inproceedings{yang2002kernel,
  title={Kernel Eigenfaces vs. Kernel Fisherfaces: Face Recognition Using Kernel Methods.},
  author={Yang, Ming-Hsuan},
  booktitle={fgr},
  volume={2},
  pages={215},
  year={2002}
}


@article{liu2006capitalize,
  title={Capitalize on dimensionality increasing techniques for improving face recognition grand challenge performance},
  author={Liu, Chengjun},
  journal={IEEE transactions on pattern analysis and machine intelligence},
  volume={28},
  number={5},
  pages={725--737},
  year={2006},
  publisher={IEEE}
}

@article{scholkopf1998nonlinear,
  title={Nonlinear component analysis as a kernel eigenvalue problem},
  author={Sch{\"o}lkopf, Bernhard and Smola, Alexander and M{\"u}ller, Klaus-Robert},
  journal={Neural computation},
  volume={10},
  number={5},
  pages={1299--1319},
  year={1998},
  publisher={MIT Press}
}
@article{thamiz2015liter,
  title={A LITERATURE SURVEY ON VARIOUS ILLUMINATION NORMALIZATION TECHNIQUES FOR FACE RECOGNITION WITH FUZZY K NEAREST NEIGHBOUR CLASSIFIER.},
  author={Thamizharasi, A and Jayasudha, JS},
  journal={ICTACT Journal on Image \& Video Processing},
  volume={5},
  number={4},
  year={2015}
}

@article{vish2015ill,
  title={Illumination normalization using fuzzy filter in DCT domain for face recognition},
  author={Vishwakarma, Virendra P},
  journal={International Journal of Machine Learning and Cybernetics},
  volume={6},
  number={1},
  pages={17--34},
  year={2015},
  publisher={Springer}
}
@article{alice2003biometric,
  title={Biometric recognition: Security and privacy concerns},
  author={Alice, Is},
  journal={IEEE Security \& Privacy},
  year={2003}
}

@inproceedings{delac2004survey,
  title={A survey of biometric recognition methods},
  author={Delac, Kresimir and Grgic, Mislav},
  booktitle={Electronics in Marine, 2004. Proceedings Elmar 2004. 46th International Symposium},
  pages={184--193},
  year={2004},
  organization={IEEE}
}

@inproceedings{givens2004features,
  title={How features of the human face affect recognition: a statistical comparison of three face recognition algorithms},
  author={Givens, Geof and Beveridge, J Ross and Draper, Bruce A and Grother, Patrick and Phillips, P Jonathon},
  booktitle={Computer Vision and Pattern Recognition, 2004. CVPR 2004. Proceedings of the 2004 IEEE Computer Society Conference on},
  volume={2},
  pages={II--381},
  year={2004},
  organization={IEEE}
}

@incollection{zhao2004enhance,
  title={Enhance the alignment accuracy of active shape models using elastic graph matching},
  author={Zhao, Sanqiang and Gao, Wen and Shan, Shiguang and Yin, Baocai},
  booktitle={Biometric Authentication},
  pages={52--58},
  year={2004},
  publisher={Springer}
}
@inproceedings{Baltrusaitis2016,
  author	=	{Tadas Baltru\v{s}aitis and Peter Robinson and Louis-Philippe Morency},
  title		=	{OpenFace: an open source facial behavior analysis toolkit},
  booktitle	=	{IEEE Winter Conference on Applications of Computer Vision},
  year		=	2016,
}

@inproceedings{salah2007robust,
  title={Robust facial landmarking for registration},
  author={Salah, Albert Ali and {\c{C}}inar, Hatice and Akarun, Lale and Sankur, B{\"u}lent},
  booktitle={Annales des T{\'e}l{\'e}communications},
  volume={62},
  number={1-2},
  pages={83--108},
  year={2007},
  organization={Springer}
}

@inproceedings{aguerrebere2007aguara,
  title={Aguar{\'a}: An Improved Face Recognition Algorithm through Gabor Filter Adaptation.},
  author={Aguerrebere, Cecilia and Capdehourat, Germ{\'a}n and Delbracio, Mauricio and Mateu, Mat{\'\i}as and Fern{\'a}ndez, Alicia and Lecumberry, Federico},
  booktitle={AutoID},
  pages={74--79},
  year={2007},
  organization={Citeseer}
}


@book{bradski2008learning,
  title={Learning OpenCV: Computer vision with the OpenCV library},
  author={Bradski, Gary and Kaehler, Adrian},
  year={2008},
  publisher={" O'Reilly Media, Inc."}
}

@book{szeliski2010computer,
  title={Computer vision: algorithms and applications},
  author={Szeliski, Richard},
  year={2010},
  publisher={Springer Science \& Business Media}
}

@inproceedings{tian2005robust,
  title={Robust and efficient foreground analysis for real-time video surveillance},
  author={Tian, Ying-Li and Lu, Max and Hampapur, Arun},
  booktitle={2005 IEEE Computer Society Conference on Computer Vision and Pattern Recognition (CVPR'05)},
  volume={1},
  pages={1182--1187},
  year={2005},
  organization={IEEE}
}


@inproceedings{nazare2014smart,
  title={Smart surveillance framework: A versatile tool for video analysis},
  author={Nazare, Antonio C and Dos Santos, Cassio E and Ferreira, Renato and Schwartz, William Robson},
  booktitle={IEEE Winter Conference on Applications of Computer Vision},
  pages={753--760},
  year={2014},
  organization={IEEE}
}

@article{wood2006report,
  title={A report on the surveillance society},
  author={Wood, David Murakami and Ball, Kirstie and Lyon, David and Norris, Clive and Raab, Charles},
  journal={Surveillance Studies Network, UK},
  year={2006}
}

@inproceedings{odobez2012unsupervised,
  title={Unsupervised activity analysis and monitoring algorithms for effective surveillance systems},
  author={Odobez, Jean-Marc and Carincotte, Cyril and Emonet, R{\'e}mi and Jouneau, Erwan and Zaidenberg, Sofia and Ravera, Bertrand and Bremond, Francois and Grifoni, Andrea},
  booktitle={European Conference on Computer Vision},
  pages={675--678},
  year={2012},
  organization={Springer}
}


@article{schwartz2012chicago,
  title={Chicago's Video Surveillance Cameras: A Pervasive and Poorly Regulated Threat to Our Privacy},
  author={Schwartz, Adam},
  journal={Nw. J. Tech. \& Intell. Prop.},
  volume={11},
  pages={ix},
  year={2012},
  publisher={HeinOnline}
}

@article{burton1999face,
  title={Face recognition in poor-quality video: Evidence from security surveillance},
  author={Burton, A Mike and Wilson, Stephen and Cowan, Michelle and Bruce, Vicki},
  journal={Psychological Science},
  volume={10},
  number={3},
  pages={243--248},
  year={1999},
  publisher={SAGE Publications}
}

@misc{harvey2014cv,
  title={CV Dazzle (2010--2012) http://cvdazzle.com/ and http://ahprojects.com/projects/cv-dazzle},
  author={Harvey, A},
  year={2014},
  publisher={Accessed}
}

@inproceedings{gross2003image,
  title={An image preprocessing algorithm for illumination invariant face recognition},
  author={Gross, Ralph and Brajovic, Vladimir},
  booktitle={International Conference on Audio-and Video-Based Biometric Person Authentication},
  pages={10--18},
  year={2003},
  organization={Springer}
}

@article{zhao1999theoretical,
  title={Theoretical analysis of illumination in PCA-based vision systems},
  author={Zhao, Li and Yang, Yee-Hong},
  journal={Pattern recognition},
  volume={32},
  number={4},
  pages={547--564},
  year={1999},
  publisher={Elsevier}
}

@inproceedings{baltrusaitis2013constrained,
  title={Constrained local neural fields for robust facial landmark detection in the wild},
  author={Baltrusaitis, Tadas and Robinson, Peter and Morency, Louis-Philippe},
  booktitle={Proceedings of the IEEE International Conference on Computer Vision Workshops},
  pages={354--361},
  year={2013}
}

@inproceedings{dalal2005histograms,
  title={Histograms of oriented gradients for human detection},
  author={Dalal, Navneet and Triggs, Bill},
  booktitle={2005 IEEE Computer Society Conference on Computer Vision and Pattern Recognition (CVPR'05)},
  volume={1},
  pages={886--893},
  year={2005},
  organization={IEEE}
}

@inproceedings{cottrell1990face,
  title={Face recognition using unsupervised feature extraction},
  author={Cottrell, Garrison W and Fleming, Michael},
  booktitle={Proc. of the Int. Neural Network Conf},
  pages={322--325},
  year={1990}
}

@article{lin1997face,
  title={Face recognition/detection by probabilistic decision-based neural network},
  author={Lin, Shang-Hung and Kung, Sun-Yuan and Lin, Long-Ji},
  journal={IEEE transactions on neural networks},
  volume={8},
  number={1},
  pages={114--132},
  year={1997},
  publisher={IEEE}
}


@article{er2002face,
  title={Face recognition with radial basis function (RBF) neural networks},
  author={Er, Meng Joo and Wu, Shiqian and Lu, Juwei and Toh, Hock Lye},
  journal={IEEE transactions on neural networks},
  volume={13},
  number={3},
  pages={697--710},
  year={2002},
  publisher={IEEE}
}

@inproceedings{huang2003component,
  title={Component-based face recognition with 3D morphable models},
  author={Huang, Jennifer and Heisele, Bernd and Blanz, Volker},
  booktitle={International conference on audio-and video-based biometric person authentication},
  pages={27--34},
  year={2003},
  organization={Springer}
}

@article{mcpherson2016defeating,
  title={Defeating Image Obfuscation with Deep Learning},
  author={McPherson, Richard and Shokri, Reza and Shmatikov, Vitaly},
  journal={arXiv preprint arXiv:1609.00408},
  year={2016}
}

@article{cortes1995support,
  title={Support-vector networks},
  author={Cortes, Corinna and Vapnik, Vladimir},
  journal={Machine learning},
  volume={20},
  number={3},
  pages={273--297},
  year={1995},
  publisher={Springer}
}


@article{georghiades1997yale,
  title={Yale face database},
  author={Georghiades, A and Belhumeur, PN and Kriegman, DJ},
  journal={Center for computational Vision and Control at Yale University, http://cvc. yale. edu/projects/yalefaces/yalefa},
  volume={2},
  year={1997}
}
}
@misc{ATT,
    author    = {ATT Laboratories Cambridge},
    title     = {ATT The Database of Faces (formerly The ORL Database of Faces)},
    year     = {2002},
    link      = {http://www.cl.cam.ac.uk/Research/DTG/attarchive/facedatabase.html},
}
@misc{Georgia,
    author    = {Georgia Tech},
    title     = {Georgia Tech face database},
    year     = {1999},
    link      = {http://www.anefian.com/face_reco.htm},
}

@inproceedings{caceres2016modifications,
  title={Modifications on illumination, distance function and Gabor masks for elastic bunch graph matching},
  author={Caceres, Juan Carlos Gutierrez and Ch{\'a}vez, Jose Rodrigo Galdos},
  booktitle={Computer Science Society (SCCC), 2016 35th International Conference of the Chilean},
  pages={1--5},
  year={2016},
  organization={IEEE}
}

@article{parmar2014face,
  title={Face recognition methods \& applications},
  author={Parmar, Divyarajsinh N and Mehta, Brijesh B},
  journal={arXiv preprint arXiv:1403.0485},
  year={2014}
}

@article{pandya2013survey,
  title={A survey of face recognition approach},
  author={Pandya, Jigar M and Rathod, Devang and Jadav, Jigna J},
  journal={International Journal of Engineering Research and Applications (IJERA)},
  volume={3},
  number={1},
  pages={632--635},
  year={2013}
}

% ---------------------------------------------------------------------